@article{nani2021antioxidant,
  title={Antioxidant and anti-inflammatory potential of polyphenols contained in mediterranean diet in obesity: Molecular mechanisms},
  author={Nani, Abdelhafid and Murtaza, Babar and Sayed Khan, Amira and Khan, Naim Akhtar and Hichami, Aziz},
  journal={Molecules},
  volume={26},
  number={4},
  pages={985},
  year={2021},
  publisher={MDPI}
}
1
